<record><leader>00000cas a22000007a 4500</leader><controlfield tag="001">8822145</controlfield><controlfield tag="008">820930d19391941gauwr ne      0    0eng  </controlfield><controlfield tag="009">466</controlfield><datafield ind1=" " ind2=" " tag="010"><subfield code="a">sn 82015286 </subfield></datafield><datafield ind1=" " ind2=" " tag="040"><subfield code="a">DLC</subfield><subfield code="b">eng</subfield><subfield code="c">DLC</subfield><subfield code="d">NLG</subfield><subfield code="d">NYG</subfield><subfield code="d">GUA</subfield><subfield code="d">OCLCO</subfield></datafield><datafield ind1="1" ind2=" " tag="029"><subfield code="a">AU@</subfield><subfield code="b">000020412965</subfield></datafield><datafield ind1=" " ind2=" " tag="042"><subfield code="a">msc</subfield></datafield><datafield ind1=" " ind2=" " tag="043"><subfield code="a">n-us-ga</subfield></datafield><datafield ind1="0" ind2="0" tag="050"><subfield code="a">Newspaper 7488-X</subfield></datafield><datafield ind1="0" ind2=" " tag="130"><subfield code="a">Lavonia times (Lavonia, Ga. : 1939)</subfield></datafield><datafield ind1="0" ind2="4" tag="245"><subfield code="a">The Lavonia times.</subfield></datafield><datafield ind1=" " ind2=" " tag="260"><subfield code="a">Lavonia, Ga. :</subfield><subfield code="b">R. Burton,</subfield><subfield code="c">1939-1941.</subfield></datafield><datafield ind1=" " ind2=" " tag="300"><subfield code="a">v.</subfield></datafield><datafield ind1=" " ind2=" " tag="310"><subfield code="a">Weekly</subfield></datafield><datafield ind1="0" ind2=" " tag="362"><subfield code="a">Vol. 33, no. 7 (Sept. 29, 1939)-v. 34, no. 18 (Jan. 3, 1941).</subfield></datafield><datafield ind1=" " ind2=" " tag="500"><subfield code="a">"Democratic."</subfield></datafield><datafield ind1=" " ind2=" " tag="515"><subfield code="a">Vol. 33, no. 10 called "Georgia State library edition."</subfield></datafield><datafield ind1=" " ind2=" " tag="515"><subfield code="a">Numbering is irregular.</subfield></datafield><datafield ind1=" " ind2=" " tag="530"><subfield code="a">Also on microfilm: Athens, Ga. : University of Georgia Libraries.</subfield></datafield><datafield ind1=" " ind2="0" tag="651"><subfield code="a">Lavonia (Georgia)</subfield><subfield code="v">Newspapers.</subfield></datafield><datafield ind1=" " ind2="0" tag="651"><subfield code="a">Franklin County (Ga.)</subfield><subfield code="v">Newspapers.</subfield></datafield><datafield ind1=" " ind2=" " tag="752"><subfield code="a">United States</subfield><subfield code="b">Georgia</subfield><subfield code="c">Franklin</subfield><subfield code="d">Lavonia.</subfield></datafield><datafield ind1="0" ind2="0" tag="780"><subfield code="t">Lavonia times and gauge (Lavonia, Ga. : 1910)</subfield><subfield code="w">(DLC)sn 89053628</subfield><subfield code="w">(OCoLC)19679821</subfield></datafield><datafield ind1="0" ind2="0" tag="785"><subfield code="t">Lavonia times and gauge (Lavonia, Ga. : 1941)</subfield><subfield code="w">(DLC)sn 89053074</subfield><subfield code="w">(OCoLC)19679810</subfield></datafield></record>